@misc{EnTT,
annote = {note{url{https://github.com/skypjack/entt.git}}},
title = {{EnTT}},
language = {english},
url = {https://github.com/skypjack/entt.git}
}